<record><leader>00000cas a22000007a 4500</leader><controlfield tag="001">13066481</controlfield><controlfield tag="008">860127d18441844pauwr ne      0    0eng d</controlfield><datafield ind1=" " ind2=" " tag="010"><subfield code="a">sn 86081642 </subfield></datafield><datafield ind1=" " ind2=" " tag="040"><subfield code="a">NPH</subfield><subfield code="b">eng</subfield><subfield code="c">NPH</subfield><subfield code="d">NPX</subfield><subfield code="d">NPH</subfield><subfield code="d">OCLCG</subfield><subfield code="d">OCLCQ</subfield><subfield code="d">OCLCF</subfield><subfield code="d">OCLCO</subfield></datafield><datafield ind1="1" ind2=" " tag="029"><subfield code="a">AU@</subfield><subfield code="b">000025816621</subfield></datafield><datafield ind1=" " ind2=" " tag="042"><subfield code="a">msc</subfield></datafield><datafield ind1="0" ind2=" " tag="130"><subfield code="a">Mill boy (Lancaster, Pa.)</subfield></datafield><datafield ind1="1" ind2="0" tag="245"><subfield code="a">Mill boy.</subfield></datafield><datafield ind1=" " ind2=" " tag="260"><subfield code="a">Lancaster, Pa. :</subfield><subfield code="b">[Edward C. Darlington]</subfield></datafield><datafield ind1=" " ind2=" " tag="300"><subfield code="a">v. ;</subfield><subfield code="c">53 cm.</subfield></datafield><datafield ind1=" " ind2=" " tag="310"><subfield code="a">Weekly</subfield></datafield><datafield ind1="1" ind2=" " tag="362"><subfield code="a">Began with May 1, 1844 issue; ceased with Nov. 1, 1844 issue.</subfield><subfield code="z">Cf. Gregory, W. Amer. newspapers.</subfield></datafield><datafield ind1=" " ind2=" " tag="500"><subfield code="a">Publisher's name recorded in Mombert, J.I. Authentic hist. of Lancaster Co. ... Pa., 1869.</subfield></datafield><datafield ind1=" " ind2=" " tag="500"><subfield code="a">Whig campaign paper; supporting Henry Clay for president.</subfield></datafield><datafield ind1=" " ind2=" " tag="500"><subfield code="a">"Protection to American industry."</subfield></datafield><datafield ind1=" " ind2=" " tag="580"><subfield code="a">Campaign ed. of: Examiner and herald (Lancaster, Pa. : 1844).</subfield></datafield><datafield ind1=" " ind2=" " tag="588"><subfield code="a">Description based on: No. 6 (June 8, 1844).</subfield></datafield><datafield ind1="1" ind2="0" tag="600"><subfield code="a">Clay, Henry,</subfield><subfield code="d">1777-1852.</subfield></datafield><datafield ind1="1" ind2="7" tag="600"><subfield code="a">Clay, Henry,</subfield><subfield code="d">1777-1852.</subfield><subfield code="2">fast</subfield><subfield code="0">(OCoLC)fst00014376</subfield></datafield><datafield ind1="2" ind2=" " tag="710"><subfield code="a">Whig Party (Pa.)</subfield></datafield><datafield ind1=" " ind2=" " tag="752"><subfield code="a">United States</subfield><subfield code="b">Pennsylvania</subfield><subfield code="c">Lancaster</subfield><subfield code="d">Lancaster.</subfield></datafield><datafield ind1="1" ind2=" " tag="775"><subfield code="t">Examiner and herald (Lancaster, Pa. : 1844)</subfield><subfield code="w">(DLC)sn 89077176</subfield></datafield></record>